<record xmlns="http://www.loc.gov/MARC21/slim" xmlns:xsi="http://www.w3.org/2001/XMLSchema-instance" xsi:schemaLocation="http://www.loc.gov/MARC21/slim http://www.loc.gov/standards/marcxml/schema/MARC21slim.xsd"><leader>02052cz   2200433n  4500</leader><controlfield tag="001">oca00073817 </controlfield><controlfield tag="003">OCoLC</controlfield><controlfield tag="005">20051108130904.0</controlfield><controlfield tag="008">800903n| acannaabn          |a aaa      </controlfield><datafield ind1=" " ind2=" " tag="010"><subfield code="a">n  50038594 </subfield></datafield><datafield ind1=" " ind2=" " tag="035"><subfield code="a">(OCoLC)oca00073817</subfield></datafield><datafield ind1=" " ind2=" " tag="040"><subfield code="a">DLC</subfield><subfield code="b">eng</subfield><subfield code="c">DLC</subfield><subfield code="d">DLC</subfield><subfield code="d">NjP</subfield><subfield code="d">DLC</subfield><subfield code="d">DLC-R</subfield><subfield code="d">OCoLC</subfield><subfield code="d">IEN</subfield></datafield><datafield ind1=" " ind2="0" tag="053"><subfield code="a">PA8420.S19</subfield></datafield><datafield ind1="1" ind2=" " tag="100"><subfield code="a">Erigena, Johannes Scotus,</subfield><subfield code="d">ca. 810-ca. 877</subfield></datafield><datafield ind1="1" ind2=" " tag="400"><subfield code="a">Erigena, Joannes Scotus,</subfield><subfield code="d">ca. 810-ca. 877</subfield></datafield><datafield ind1="1" ind2=" " tag="400"><subfield code="a">Scoto, Giovanni,</subfield><subfield code="d">ca. 810-ca. 877</subfield></datafield><datafield ind1="0" ind2=" " tag="400"><subfield code="a">Giovanni Scoto,</subfield><subfield code="d">ca. 810-ca. 877</subfield></datafield><datafield ind1="1" ind2=" " tag="400"><subfield code="a">Scotus Erigena, Joannes,</subfield><subfield code="d">ca. 810-ca. 877</subfield></datafield><datafield ind1="1" ind2=" " tag="400"><subfield code="a">Eriugena, Joannes Scotus,</subfield><subfield code="d">ca. 810-ca. 877</subfield></datafield><datafield ind1="1" ind2=" " tag="400"><subfield code="a">Scotus, Joannes Erigena,</subfield><subfield code="d">ca. 810-ca. 877</subfield></datafield><datafield ind1="0" ind2=" " tag="400"><subfield code="a">Johannes,</subfield><subfield code="c">Scotus Erigena,</subfield><subfield code="d">ca. 810-ca. 877</subfield></datafield><datafield ind1="1" ind2=" " tag="400"><subfield code="a">Eriugena, Scoto,</subfield><subfield code="d">ca. 810-ca. 877</subfield></datafield><datafield ind1="1" ind2=" " tag="400"><subfield code="a">Scottus, Johannes,</subfield><subfield code="d">ca. 810-ca. 877</subfield></datafield><datafield ind1="0" ind2=" " tag="400"><subfield code="a">John,</subfield><subfield code="c">the Scot,</subfield><subfield code="d">ca. 810-ca. 877</subfield></datafield><datafield ind1="0" ind2=" " tag="400"><subfield code="w">nnaa</subfield><subfield code="a">Joannes Scotus,</subfield><subfield code="c">Erigena</subfield></datafield><datafield ind1="0" ind2=" " tag="400"><subfield code="a">Joannes,</subfield><subfield code="c">Scotus Erigena,</subfield><subfield code="d">ca. 810-ca. 877</subfield></datafield><datafield ind1="0" ind2=" " tag="400"><subfield code="a">John,</subfield><subfield code="c">Scotus Erigena,</subfield><subfield code="d">ca. 810-ca. 877</subfield></datafield><datafield ind1="1" ind2=" " tag="400"><subfield code="a">Scot, Jean,</subfield><subfield code="d">ca. 810-ca. 877</subfield></datafield><datafield ind1="0" ind2=" " tag="400"><subfield code="a">Jean,</subfield><subfield code="c">Scot,</subfield><subfield code="d">ca. 810-ca. 877</subfield></datafield><datafield ind1="1" ind2=" " tag="400"><subfield code="a">Eriugena, John Scottus,</subfield><subfield code="d">ca. 810-ca. 877</subfield></datafield><datafield ind1="1" ind2=" " tag="400"><subfield code="a">ErigeÌ&#x80;ne, Jean Scot,</subfield><subfield code="d">ca. 810-ca. 877</subfield></datafield><datafield ind1="1" ind2=" " tag="400"><subfield code="a">Scot ErigeÌ&#x80;ne, Jean,</subfield><subfield code="d">ca. 810-ca. 877</subfield></datafield><datafield ind1="1" ind2=" " tag="400"><subfield code="a">Eriugena, Yohanesu Sukotusu,</subfield><subfield code="d">ca. 81-ca. 877</subfield></datafield><datafield ind1=" " ind2=" " tag="670"><subfield code="a">New Cath. enc.</subfield><subfield code="b">(John Scotus Erigena, b. ca. 810, d. ca. 877)</subfield></datafield><datafield ind1=" " ind2=" " tag="670"><subfield code="a">Jean Scot, eÌ&#x81;crivain, 1986:</subfield><subfield code="b">t.p. (Jean Scot) t.p. verso (CIP info: Erigena, Johannes Scotus, ca. 810-ca. 877)</subfield></datafield><datafield ind1=" " ind2=" " tag="670"><subfield code="a">Moran, D. The philosophy of John Scottus Eriugena, 1988.</subfield></datafield><datafield ind1=" " ind2=" " tag="670"><subfield code="a">Images de l'homme et intiation, 1988:</subfield><subfield code="b">t.p. (Jean Scot ErigeÌ&#x80;ne)</subfield></datafield><datafield ind1=" " ind2=" " tag="670"><subfield code="a">Convegno storico internazionale (Todi, Italy) (24th : 1987). Giovanni Scoto nel suo tempo, 1989.</subfield></datafield><datafield ind1=" " ind2=" " tag="670"><subfield code="a">Silonis, R.L. Eriugena no shisoÌ&#x84; to chuÌ&#x84;sei no shin Puraton shugi, 1992:</subfield><subfield code="b">p. 3, 2nd gr. (Johannes Scotus Eriugena; Yohanesu Sukotusu Eriugena [in kana]; ca. 810-ca. 877)</subfield></datafield></record>